<?xml version="1.0" encoding="UTF-8"?><collection xmlns="http://www.loc.gov/MARC21/slim"><record><leader>00621nam--2200169-i-4500</leader><controlfield tag="001">000045672</controlfield><controlfield tag="002">20161230</controlfield><controlfield tag="005">20170115233153</controlfield><controlfield tag="008">060222s1000------------r-----000-0-eng-d</controlfield><datafield ind1=" " ind2=" " tag="040"><subfield code="a">IFIN-HH</subfield></datafield><datafield ind1=" " ind2=" " tag="080"><subfield code="a">533.9(061.3)</subfield></datafield><datafield ind1="1" ind2=" " tag="100"><subfield code="a">McNamara, B</subfield></datafield><datafield ind1="1" ind2="0" tag="245"><subfield code="a">Twenty years of plasma physics</subfield><subfield code="b">Reviews and papers presented at a workshop commemorating twenty years of programmes in plasma physics. International centre for theoretical physics Trieste, Italy, September 1984</subfield><subfield code="c">B. McNamara (Ed.)</subfield></datafield><datafield ind1=" " ind2=" " tag="260"><subfield code="a">Singapore</subfield><subfield code="b">World Scientific</subfield><subfield code="c">1984</subfield></datafield><datafield ind1=" " ind2=" " tag="300"><subfield code="a">XVIII+357 p</subfield></datafield><datafield ind1=" " ind2=" " tag="852"><subfield code="a">79161</subfield><subfield code="c">533.9</subfield></datafield><datafield ind1=" " ind2=" " tag="CAT"><subfield code="a">SYS</subfield><subfield code="c">20170115</subfield><subfield code="h">233153</subfield></datafield></record></collection>